@TECHREPORT{SUPP,
  AUTHOR = {Anonymous},
  TITLE = {Technical Report: Different trends for {WA*}},
  year  = {2014},
  note  = {Available at \url{https://drive.google.com/file/d/0B0Q22P-_lFBWZ04tcGJPYTFMSmM/view?usp=sharing}},
}

@article{asai2017tieBreaking,
  author    = {Asai, Masataro and Fukunaga, Alex},
  title     = {Tie-Breaking Strategies for Cost-Optimal Best First Search},
  journal   = {Journal of Artificial Intelligence Research {(JAIR)}},
  volume    = {58},
  pages     = {67--121},
  year      = 2017,
}

@inproceedings{betzalel2015typeSystem,
  author    = {Betzalel, Oded and Felner, Ariel and Shimony, Solomon Eyal},
  title     = {Type System Based Rational Lazy {IDA}},
  booktitle = {the Symposium on Combinatorial Search (SOCS)},
  pages     = {151--155},
  year      = 2015,
}

@book{bratman1999intention,
  title     = {Intention, Plans, and Practical Reason},
  author    = {Bratman, Michael E},
  year      = 1999,
  publisher ={Cambridge University Press}
}

@incollection{ai4games,
  author={Bulitko, Vadim and Bj{\"o}rnsson, Yngvi and Sturtevant, Nathan R. and Lawrence, Ramon},
  title={Real-Time Heuristic Search for Pathfinding in Video Games},
  booktitle={Applied Research in Artificial Intelligence for Computer Games},
  publisher={Springer},
  year={2011},
}

@inproceedings{BurnsHLR12,
  author    = {Burns, Ethan Andrew and Hatem, Matthew and Leighton, Michael J. and Ruml, Wheeler},
  title     = {Implementing Fast Heuristic Search Code},
  booktitle = {SoCS},
  year      = 2012,
}

@inproceedings{chalupsky2001electric,
  title     = {Electric Elves: Applying Agent Technology to Support Human Organizations.},
  author    = {Chalupsky, Hans and Gil, Yolanda and Knoblock, Craig A and Lerman, Kristina and Oh, Jean and Pynadath, David V and Russ, Thomas A and Tambe, Milind and others},
  booktitle = {IAAI},
  volume    = {1},
  pages     = {51--58},
  year      = 2001,
}

@article{dechter1985generalizedBestFirst,
  author   = {Dechter, Rina and Pearl, Judea},
  journal  = {Journal of the Association for Computing Machinery},
  pages    = {505--536},
  title    = {Generalized best-first search strategies and the optimality of {A}*},
  volume   = {32(3)},
  year     = 1985,
}

@article{Denardo1967,
  author  = {Denardo, Eric V.},
  title   = {Contraction Mappings in the Theory Underlying Dynamic Programming},
  journal = {SIAM Review},
  volume  = {9},
  number  = {2},
  pages   = {165--177},
  year    = {1967},
  doi     = {10.1137/1009030},
}

@article{DIJ59,
  author  = {E. W. Dijkstra},
  title   = {A note on two problems in connexion with graphs},
  journal = {{\it Numerische Mathematik}},
  volume  = {1},
  pages   = {269--271},
  year    = 1959,
}

@inproceedings{DobsonB14,
  author    = {Dobson, Andrew Joseph and Bekris, Kostas E.},
  title     = {Improved Heuristic Search for Sparse Motion Planning Data Structures},
  booktitle = {the Annual Symposium on Combinatorial Search (SOCS)},
  year      = 2014,
}

@article{EbendtD09,
  author    = {R{\"{u}}diger Ebendt and
               Rolf Drechsler},
  title     = {Weighted {A}* search - unifying view and application},
  journal   = {Artif. Intell.},
  volume    = {173},
  number    = {14},
  pages     = {1310--1342},
  year      = {2009}
}

@article{ebendt09WAS,
 author    = {Ebendt, R\"{u}diger and Drechsler, Rolf},
 title     = {Weighted {A}* search -- unifying view and application},
 journal   = {Artificial Intelligence},
 publisher = {Elsevier Science Publishers Ltd.},
 address   = {Essex, UK},
 volume    = {173},
 number    = {14},
 pages     = {1310--1342},
 year      = {2009},
}

@inproceedings{edelkamp2005external,
  title     = {External Symbolic Heuristic Search with Pattern Databases},
  author    = {Edelkamp, Stefan},
  booktitle = {ICAPS},
  pages     = {51--60},
  year      = 2005,
}

@incollection{edelkamp2016external,
  title     = {External-Memory State Space Search},
  author    = {Edelkamp, Stefan},
  booktitle = {Algorithm Engineering},
  pages     = {185--225},
  year      = 2016,
  publisher = {Springer},
}

@article{Eppstein1998,
	author  = {Eppstein, David},
	title   = {Finding the $k$ Shortest Paths},
	journal = {SIAM Journal on Computing},
	volume  = {28},
	number  = {2},
	pages   = {652-673},
	year    = {1998}
}

@article{JAIRPDB,
  author   = {Felner, Ariel and Korf, Richard E. and Hanan, S.},
  title    = {Additive pattern database heuristics},
  journal  = {JAIR},
  volume   = 22,
  pages    = {279--318},
  year     = 2004,
}

@article{FelnerZHSSZ11,
  author    = {Felner, Ariel and Zahavi, Uzi and Holte, Robert and Schaeffer, Jonathan and Sturtevant, Nathan R. and Zhang, Zhifu},
  title     = {Inconsistent heuristics in theory and practice},
  journal   = {Artificial Intelligence},
  volume    = {175},
  number    = {9--10},
  year      = {2011},
  pages     = {1570-1603},
}

@inproceedings{georgeff1998belief,
  title     = {The belief-desire-intention model of agency},
  author    = {Georgeff, Michael and Pell, Barney and Pollack, Martha and Tambe, Milind and Wooldridge, Michael},
  booktitle = {International Workshop on Agent Theories, Architectures, and Languages},
  pages     = {1--10},
  year      = 1998,
  organization = {Springer},
}

@book{ghallab2004automated,
  title     = {Automated planning: theory \& practice},
  author    = {Ghallab, Malik and Nau, Dana and Traverso, Paolo},
  year      = {2004},
  publisher = {Elsevier},
}

@inproceedings{GILON2016,
  author    = {Gilon, D. and Felner, Ariel and Stern, Roni},
  title     = {Dynamic Potential Search - {A} New Bounded Suboptimal Search},
  booktitle = {Proceedings of the Ninth Annual Symposium on Combinatorial Search (SOCS)},
  pages     = {36--44},
  address   = {Tarrytown, NY, USA},
  month     = jul,
  year      = 2016,
}

@inproceedings{goldberg2005computing,
  title     = {Computing the shortest path: A search meets graph theory},
  author    = {Goldberg, Andrew V and Harrelson, Chris},
  booktitle = {Annual ACM-SIAM Symposium on Discrete algorithms (SODA)},
  pages     = {156--165},
  year      = 2005,
}

@inproceedings{goldenberg2013optimal,
  title     = {Optimal-Generation Variants of {EPEA*}},
  author    = {Goldenberg, Meir and Felner, Ariel and Sturtevant, Nathan and Holte, Robert C and Schaeffer, Jonathan},
  booktitle = {Annual Symposium on Combinatorial Search (SoCS)},
  year      = 2013,
}

@inproceedings{goldenberg2011theCompressed,
  author    = {Goldenberg, Meir and Sturtevant, Nathan R. and Felner, Ariel and Schaeffer, Jonathan},
  title     = {The Compressed Differential Heuristic},
  booktitle = {{AAAI} Conference on Artificial Intelligence (AAAI)},
  year      = 2011,
}

@article{goldenberg2014enhanced,
    author    = {Goldenberg, Meir and Felner, Ariel and Stern, Roni and Sharon, Guni and Sturtevant, Nathan R. and Holte, Robert C. and Schaeffer, Jonathan},
    title     = {Enhanced Partial Expansion {A}},
    journal   = {Journal of Artificial Intelligence Research (JAIR)},
    volume    = {50},
    pages     = {141--187},
    year      = {2014}
}

@article{HansenZ07AnytimeHeuristicSearch,
  author    = {Hansen, Eric A. and Zhou, Rong},
  title     = {Anytime Heuristic Search},
  journal   = {Journal of Artificial Intelligence Research (JAIR)},
  volume    = {28},
  pages     = {267--297},
  year      = {2007},
}

@article{HansenZ07,
  author    = {Hansen, Eric A. and Zhou, Rong},
  title     = {Anytime Heuristic Search},
  journal   = {Journal of Artificial Intelligence Research (JAIR)},
  volume    = {28},
  year      = 2007,
  pages     = {267--297},
}

@article{hartNR68Astar,
  author    = {Hart, Peter E. and Nilsson, Nils J. and Raphael, Bertram},
  title     = {A Formal Basis for the Heuristic Determination of Minimum Cost Paths},
  journal   = {IEEE Transactions on Systems Science and Cybernetics},
  volume    = {SSC-4(2)},
  year      = 1968,
  pages     = {100--107},
}

@inproceedings{helmert2010landmark,
  title     = {Landmark heuristics for the pancake problem},
  author    = {Helmert, Malte},
  booktitle = {Third Annual Symposium on Combinatorial Search (SoCS)},
  year      = {2010}
}

@article{hernandez2015reusing,
  title     = {Reusing cost-minimal paths for goal-directed navigation in partially known terrains},
  author    = {Hern{\'a}ndez, Carlos and Uras, Tansel and Koenig, Sven and Baier, Jorge A and Sun, Xiaoxun and Meseguer, Pedro},
  journal   = {Autonomous Agents and Multi-Agent Systems},
  volume    = {29},
  number    = {5},
  pages     = {850--895},
  year      = 2015,
  publisher = {Springer US}
}

@inproceedings{MMAAAI16,
  author    = {Holte, Robert C. and Felner, Ariel and Sharon, Guni and Sturtevant, Nathan R.},
  title     = {Bidirectional Search That Is Guaranteed to Meet in the Middle},
  booktitle = {Proceedings of the {AAAI} Conference on Artificial Intelligence (AAAI)},
  year      = 2016,
}

@article{IshidaK1995,
  title     = {Moving-target search: A real-time search for changing goals},
  author    = {Ishida, Toru and Korf, Richard E.},
  journal   = {IEEE Transactions on Pattern Analysis and Machine Intelligence},
  volume    = {17},
  number    = {6},
  pages     = {609--619},
  year      = 1995,
  publisher = {IEEE},
}

@inproceedings{karpas2012optimal,
  title     = {Optimal Search with Inadmissible Heuristics},
  author    = {Karpas, Erez and Domshlak, Carmel},
  booktitle = {ICAPS},
  year      = 2012,
}

@article{koenig2004lifelong,
  title     = {Lifelong planning Aâˆ—},
  author    = {Koenig, Sven and Likhachev, Maxim and Furcy, David},
  journal   = {Artificial Intelligence},
  volume    = {155},
  number    = {1},
  pages     = {93--146},
  year      = 2004,
  publisher = {Elsevier},
}

@article{koenig2005fast,
  title     = {Fast replanning for navigation in unknown terrain},
  author    = {Koenig, Sven and Likhachev, Maxim},
  journal   = {IEEE Transactions on Robotics},
  volume    = {21},
  number    = {3},
  pages     = {354--363},
  year      = 2005,
  publisher = {IEEE},
}

@inproceedings{koenig2007speeding,
  title     = {Speeding up moving-target search},
  author    = {Koenig, Sven and Likhachev, Maxim and Sun, Xiaoxun},
  booktitle = {Proceedings of the 6th international joint conference on Autonomous agents and multiagent systems (AAMAS)},
  pages     = {188},
  year      = 2007,
  organization = {ACM},
}

@article{Korf85,
  author    = {Korf, Richard E.},
  title     = {Depth-First Iterative-Deepening: An Optimal Admissible Tree Search},
  journal   = {Artificial Intelligence},
  volume    = {27},
  number    = {1},
  pages     = {97--109},
  year      = 1985,
}

@inproceedings{Korf1992LinearSpaceBestFirstSearch,
  author    = {Korf, Richard E.},
  title     = {Linear-Space Best-First Search: Summary of Results},
  booktitle = {Proceedings of the tenth national conference on Artificial intelligence},
  series    = {AAAI'92},
  year      = 1992,
  pages     = {533--538},
}

@inproceedings{korf2004best,
  title     = {Best-first frontier search with delayed duplicate detection},
  author    = {Korf, Richard E},
  booktitle = {AAAI},
  volume    = {4},
  pages     = {650--657},
  year      = 2004,
}

@article{lelis2014predicting,
  title     = {Predicting optimal solution cost with conditional probabilities},
  author    = {Lelis, Levi HS and Stern, Roni and Felner, Ariel and Zilles, Sandra and Holte, Robert C},
  journal   = {Annals of Mathematics and Artificial Intelligence},
  volume    = {72},
  number    = {3-4},
  pages     = {267--295},
  year      = 2014,
  publisher = {Springer},
}

@article{lelis2016predicting,
  title     = {Predicting optimal solution costs with bidirectional stratified sampling in regular search spaces},
  author    = {Lelis, Levi HS and Stern, Roni and Arfaee, Shahab Jabbari and Zilles, Sandra and Felner, Ariel and Holte, Robert C},
  journal   = {Artificial Intelligence},
  volume    = {230},
  pages     = {51--73},
  year      = 2016,
  publisher = {Elsevier}
}

@inproceedings{likhachevGT03AnytimeRepairingAstar,
  author = {Likhachev, Maxim and Gordon, Geoffrey J. and Thrun, Sebastian},
  title = {{ARA}*: Anytime {A}* with Provable Bounds on Sub-Optimality.},
  booktitle = {NIPS},
  year = 2004
}

@article{Lippi,
  title = {Optimally solving permutation sorting problems with efficient partial expansion bidirectional heuristic search},
  author = {M. Lippi and M. Ernandes and  Ariel Felner},
  journal = {Artificial Intelligence Communication},
  year = 2016,
  publisher = {To appear}
}

@inproceedings{machuca2011analysis,
  title     = {An analysis of multiobjective search algorithms and heuristics},
  author    = {Machuca, Enrique},
  booktitle = {International Joint Conference on Artificial Intelligence (IJCAI)},
  volume    = {22},
  number    = {3},
  pages     = {2822--2823},
  year      = {2011}
}

@inproceedings{MalimaAsifMPA2007,
  author    = {Malima, Asanterabi and Sabanovic, Asif},
  title     = {Motion planning and assembly for microassembly workstation},
  booktitle = {ISCO},
  pages     = {467--474},
  year      = 2007,
}

@article{marble2013asymptotically,
  title     = {Asymptotically near-optimal planning with probabilistic roadmap spanners},
  author    = {Marble, James D and Bekris, Kostas E},
  journal   = {IEEE Transactions on Robotics},
  volume    = {29},
  number    = {2},
  pages     = {432--444},
  year      = 2013,
  publisher = {IEEE},
}

@article{myers2007intelligent,
  title   = {An intelligent personal assistant for task and time management},
  author  = {Myers, Karen and Berry, Pauline and Blythe, Jim and Conley, Ken and Gervasio, Melinda and McGuinness, Deborah L and Morley, David and Pfeffer, Avi and Pollack, Martha and Tambe, Milind},
  journal = {AI Magazine},
  volume  = {28},
  number  = {2},
  pages   = {47},
  year    = 2007,
}

@book{NauG04AutomatedPlanning,
  author    = {Nau, Dana and Ghallab, Malik and Traverso, Paolo},
  title     = {Automated Planning: Theory \& Practice},
  year      = {2004},
  publisher = {Morgan Kaufmann Publishers Inc.},
}

@inproceedings{ng2002predicting,
  title     = {Predicting Internet network distance with coordinates-based approaches},
  author    = {Ng, TS Eugene and Zhang, Hui},
  booktitle = {The Joint Conference of the IEEE Computer and Communications Societies (INFOCOM)},
  volume    = {1},
  pages     = {170--179},
  year      = 2002,
  organization = {IEEE},
}

@article{PearlKimSAH1982,
    author  = {Pearl, Judea and Kim, Jin H.},
    journal = {IEEE Trans. Pattern Anal. Mach. Intell.},
    title   = {Studies in Semi-Admissible Heuristics.},
    number  = 4,
    pages   = {392--399},
    volume  = 4,
    year    = 1982
}

@article{Pohl70HeuristicSearchPathFinding,
  author    = {Pohl, Ira},
  title     = {Heuristic Search Viewed as Path Finding in a Graph},
  journal   = {Artificial Intelligence},
  volume    = 1,
  number    = {3-4},
  pages     = {193--204},
  year      = 1970,
}

@inproceedings{Pohl1973ACH,
    author    = {Pohl, Ira},
    title     = {The avoidance of (relative) catastrophe, heuristic competence, genuine dynamic weighting and computational issues in heuristic problem solving},
    booktitle = {IJCAI},
    year      = 1973,
    pages     = {12--17},
}

@Article{pollack.m:letter,
  author    = {Pollack, Maurice},
  title     = {Letter to the Editor --- The $k$th best route through a network},
  journal   = {Operations Research},
  year      = 1961,
  volume    = 9,
  number    = 4,
  pages     = {578--580},
}

@inproceedings{richter2010joy,
  title = {The Joy of Forgetting: Faster Anytime Search via Restarting.},
  author = {Richter, Silvia and Thayer, Jordan Tyler and Ruml, Wheeler},
  booktitle = {ICAPS},
  pages = {137--144},
  year = {2010}
}

@inproceedings{Ruml10,
  author    = {Ruml, Wheeler},
  title     = {The Logic of Benchmarking: {A} Case Against State-of-the-Art Performance},
  booktitle = {Proceedings of the Third Annual Symposium on Combinatorial Search (SOCS)},
  address   = {Stone Mountain, Atlanta, Georgia, USA},
  month     = jul,
  year      = 2010,
}

@book{russell1995artificial,
  title     = {Artificial intelligence: a modern approach},
  author    = {Russell, Stuart and Norvig, Peter},
  publisher = {Prentice Hall},
  year      = 1995,
}

@inproceedings{PotentialSearch2011,
  author    = {Stern, Roni and Puzis, Rami and Felner, Ariel},
  title     = {Potential search: a bounded-cost search algorithm},
  booktitle = {ICAPS},
  year      = {2011},
}

@article{SternFBPSG14,
  author    = {Stern, Roni and Felner, Ariel and van den Berg, Jur and Puzis, Rami and Shah, Rajat and Goldberg, Ken},
  title     = {Potential-based bounded-cost search and Anytime Non-Parametric \astar{}},
  journal   = {Artificial Intelligence},
  volume    = {214},
  pages     = {1--25},
  year      = {2014},
}

@article{sturtevant2007memory,
  title   = {Memory-Efficient Abstractions for Pathfinding},
  author  = {Sturtevant, Nathan R.},
  journal = {AIIDE},
  volume  = {684},
  pages   = {31--36},
  year    = 2007,
}

@inproceedings{SturtevantFBSN2009,
	title     = {Memory-Based Heuristics for Explicit State Spaces},
	author    = {Sturtevant, Nathan R. and Felner, Ariel and Barer, Max and Schaeffer, Jonathan and Burch, Neil},
	booktitle = {IJCAI},
	pages     = {609--614},
	year      = 2009,
}

@article{sturtevant2012benchmarks,
  title    = {Benchmarks for grid-based pathfinding},
  author   = {Sturtevant, Nathan R.},
  journal  = {IEEE Transactions on Computational Intelligence and AI in Games},
  volume   = {4},
  number   = {2},
  pages    = {144--148},
  year     = 2012,
}

@Article{suurballe.jw:disjoint,
  author    = {Suurballe, J. W.},
  title     = {Disjoint Paths in a Network},
  journal   = {Networks},
  year      = 1974,
  volume    = 4,
  pages     = {125--145}
}

@inproceedings{ThayerR11BoundedSuboptimalSearch,
  author    = {Thayer, Jordan Tyler and Ruml, Wheeler},
  title     = {Bounded Suboptimal Search: {A} Direct Approach Using Inadmissible Estimates},
  booktitle = {IJCAI},
  year      = {2011},
}
@inproceedings{DistanceEstimatesThayerRuml2009,
  author    = {Thayer, Jordan Tyler and Ruml, Wheeler},
  title     = {Using Distance Estimates in Heuristic Search},
  booktitle = {ICAPS},
  year      = {2009},
}

@inproceedings{AnytimeThayerRuml2010,
  author    = {Thayer, Jordan Tyler and Ruml, Wheeler},
  title     = {Anytime Heuristic Search: Frameworks and Algorithms},
  booktitle = {SOCS},
  year      = {2010},
}

@inproceedings{ThayerR08FasterThanWAstar,
  author    = {Thayer, Jordan Tyler and Wheeler Ruml},
  title     = {Faster than Weighted {A}*: An Optimistic Approach to Bounded Suboptimal Search},
  booktitle = {ICAPS},
  year      = {2008},
}

@conference{ThayerRuml2011SurveySuboptimalSearch,
  author    = {Thayer, Jordan Tyler and Ruml, Wheeler},
  title     = {A Survey of Suboptimal Search Algorithms, a tutorial given at the Twenty-first International Conference on Automated Planning and Scheduling},
  booktitle = {ICAPS-11},
  month     = jun,
  year      = 2011,
}

@inproceedings{ThayerBH12,
  author    = {Thayer, Jordan Tyler and Benton, J. and Malte Helmert},
  title     = {Better Parameter-Free Anytime Search by Minimizing Time Between Solutions},
  booktitle = {Proceedings of the Fifth Annual Symposium on Combinatorial Search (SOCS)},
  address   = {Niagara Falls, Ontario, Canada},
  month     = jul,
  year      = {2012}
}

@inproceedings{ThayerSFR12,
  author    = {Thayer, Jordan Tyler and Stern, Roni and Felner, Ariel and Ruml, Wheeler},
  title     = {Faster Bounded-Cost Search Using Inadmissible Estimates},
  booktitle = {ICAPS},
  year      = {2012},
}

@inproceedings{tolpin2013toward,
  author    = {Tolpin, David and Beja, Tal and Shimony, Solomon Eyal and Felner, Ariel and Karpas, Erez},
  title     = {Toward Rational Deployment of Multiple Heuristics in {A*}},
  booktitle = {the International Joint Conference on Artificial Intelligence (IJCAI)},
  pages     = {674--680},
  year      = {2013}
}

@inproceedings{valenzano2013using,
  title = {Using Alternative Suboptimality Bounds in Heuristic Search.},
  author = {Valenzano, Richard Anthony and Arfaee, Shahab Jabbari and Thayer, Jordan Tyler and Stern, Roni and Sturtevant, Nathan R},
  booktitle = {ICAPS},
  year = 2013,
}

@inproceedings{ValenzanoSS14,
  author    = {Valenzano, Richard Anthony and Sturtevant, Nathan R. and Schaeffer, Jonathan},
  title     = {Worst-Case Solution Quality Analysis When Not Re-Expanding Nodes in Best-First Search},
  booktitle = {AAAI},
  pages     = {885--892},
  year      = 2014,
}

@inproceedings{WiltR11,
  author    = {Wilt, Christopher Makoto and Ruml, Wheeler},
  title     = {Cost-Based Heuristic Search Is Sensitive to the Ratio of Operator Costs},
  booktitle = {Proceedings of the Fourth Annual Symposium on Combinatorial Search (SOCS)},
  address   = {Castell de Cardona, Barcelona, Spain},
  month     = jul,
  year      = 2011,
}

@inproceedings{WiltR12,
  author    = {Wilt, Christopher Makoto and Ruml, Wheeler},
  title     = {When Does Weighted {A}* Fail?},
  booktitle = {SOCS},
  year      = {2012}
}

@inproceedings{WiltR14,
  author    = {Wilt, Christopher Makoto and Ruml, Wheeler},
  title     = {Speedy Versus Greedy Search},
  booktitle = {Seventh Annual Symposium on Combinatorial Search, (SOCS)},
  address   = {Prague, Czech Republic},
  month     = aug,
  year      = 2014,
}

@inproceedings{ZahaviFSS07,
  author    = {Zahavi, Uzi and Felner, Ariel and Schaeffer, Jonathan and Sturtevant, Nathan R.},
  title     = {Inconsistent Heuristics},
  booktitle = {AAAI},
  pages     = {1211--1216},
  year      = {2007},
}

@inproceedings{zhou2004structured,
  title     = {Structured duplicate detection in external-memory graph search},
  author    = {Zhou, Rong and Hansen, Eric A},
  booktitle = {AAAI},
  pages     = {683--689},
  year      = 2004,
}

@article{zhou2006breadth,
  title     = {Breadth-first heuristic search},
  author    = {Zhou, Rong and Hansen, Eric A},
  journal   = {Artificial Intelligence},
  volume    = {170},
  number    = {4},
  pages     = {385--408},
  year      = 2006,
  publisher = {Elsevier},
}
